
% ARTICLES (FLUID DYNAMICS)

@article{Brody1996,
author = {Brody, J and Yager, P and Goldstein, R and Austin, R},
doi = {10.1016/S0006-3495(96)79538-3},
file = {:D$\backslash$:/MendeleyPapers/Brody et al./1996/Biotechnology at low Reynolds numbers - 1996.pdf:pdf},
issn = {00063495},
journal = {Biophysical Journal},
month = dec,
number = {6},
pages = {3430--3441},
publisher = {Elsevier},
title = {{Biotechnology at low Reynolds numbers}},
url = {http://linkinghub.elsevier.com/retrieve/pii/S0006349596795383},
volume = {71},
year = {1996}
} 


@article{anderson2015docker,
  title={Docker [software engineering]},
  author={Anderson, Charles},
  journal={IEEE Software},
  number={3},
  pages={102--c3},
  year={2015},
  publisher={IEEE}
}

@article{bernstein2014containers,
  title={Containers and cloud: From lxc to docker to kubernetes},
  author={Bernstein, David},
  journal={IEEE Cloud Computing},
  number={3},
  pages={81--84},
  year={2014},
  publisher={IEEE}
}

@INPROCEEDINGS{vmvscontainers, 
author={Felter, W. and Ferreira, A. and Rajamony, R. and Rubio, J.}, 
booktitle={Performance Analysis of Systems and Software (ISPASS), 2015 IEEE International Symposium on}, 
title={An updated performance comparison of virtual machines and Linux containers}, 
year={2015}, 
pages={171-172}, 
keywords={Linux;cloud computing;virtual machines;Docker;KVM;Linux containers;cloud architectures;cloud computing;container manager;representative hypervisor;virtual machines;Containers;Hardware;Linux;Random access memory;Servers;Throughput;Virtual machining}, 
doi={10.1109/ISPASS.2015.7095802}, 
month={March},}