@inproceedings{Wohlin:2014:GSS:2601248.2601268,
 author = {Wohlin, Claes},
 title = {Guidelines for Snowballing in Systematic Literature Studies and a Replication in Software Engineering},
 booktitle = {Proceedings of the 18th International Conference on Evaluation and Assessment in Software Engineering},
 series = {EASE '14},
 year = {2014},
 isbn = {978-1-4503-2476-2},
 location = {London, England, United Kingdom},
 pages = {38:1--38:10},
 articleno = {38},
 numpages = {10},
 url = {http://doi.acm.org/10.1145/2601248.2601268},
 doi = {10.1145/2601248.2601268},
 acmid = {2601268},
 publisher = {ACM},
 address = {New York, NY, USA},
 keywords = {replication, snowball search, snowballing, systematic literature review, systematic mapping studies},
} 

@book{book:441137,
   title =     {Leadership in Organizations (7th Edition)},
   author={Yukl, Gary A},
   publisher = {Prentice Hall},
   isbn =      {0132424312,9780132424318},
   year =      {2009},
   series =    {},
   edition =   {7},
   volume =    {}
}
@article{hemphill1957development,
  title={Development of the leader behavior description questionnaire},
  author={Hemphill, John K and Coons, Alvin E},
  journal={Leader behavior: Its description and measurement},
  volume={6},
  pages={38},
  year={1957}
}
@article{katz1978social,
  title={The social psychology of organizations},
  author={Katz, Daniel and Kahn, Robert Louis},
  year={1978},
  publisher={Wiley New York}
}
@article{smircich1982leadership,
  title={Leadership: The management of meaning},
  author={Smircich, Linda and Morgan, Gareth and others},
  journal={Journal of applied behavioral science},
  volume={18},
  number={3},
  pages={257--273},
  year={1982}
}

@article{rauch1984functionalism,
  title={Functionalism: Basis for an alternate approach to the study of leadership},
  author={Rauch, CF and Behling, Orlando},
  journal={Leaders and managers: International perspectives on managerial behavior and leadership},
  pages={45--62},
  year={1984},
  publisher={Pergamon Press New York}
}

@article{richards1986after,
  title={After the vision: Suggestions to corporate visionaries and vision champions},
  author={Richards, Dick and Engle, Sarah},
  journal={Transforming leadership},
  volume={199},
  pages={214},
  year={1986},
  publisher={Miles River Press Alexandria, VA}
}

@article{burns1978leadership,
  title={Leadership New York},
  author={Burns, James M},
  journal={NY: Harper and Row Publishers},
  year={1978}
}
@article{jacobs1990military,
  title={Military executive leadership.},
  author={Jacobs, T Owen and Jaques, Elliott},
  year={1990},
  publisher={Leadership Library of America}
}

@article{schein1992organizational,
  title={Organizational culture and leadership 2" Cl ed},
  author={Schein, E},
  journal={San Francisco},
  year={1992}
}
@book{drath1994making,
  title={Making common sense: Leadership as meaning-making in a community of practice},
  author={Drath, Wilfred H and Palus, Charles J},
  year={1994},
  publisher={Center for Creative Leadership}
}

@article{house1999cultural,
  title={Cultural influences on leadership and organizations: Project GLOBE},
  author={House, Robert J and Hanges, Paul J and Ruiz-Quintanilla, S Antonio and Dorfman, Peter W and Javidan, Mansour and Dickson, Marcus and Gupta, Vipin and others},
  journal={Advances in global leadership},
  volume={1},
  number={2},
  pages={171--233},
  year={1999},
  publisher={Jai Press Stamford, CT}
}
@book{larman2004agile,
  title={Agile and iterative development: a manager's guide},
  author={Larman, Craig},
  year={2004},
  publisher={Addison-Wesley Professional}
}

@article{dyba2000improvisation,
  title={Improvisation in small software organizations},
  author={Dyba, Tore},
  journal={IEEE Software},
  volume={17},
  number={5},
  pages={82},
  year={2000},
  publisher={IEEE Computer Society}
}

@article{nerur2005challenges,
  title={Challenges of migrating to agile methodologies},
  author={Nerur, Sridhar and Mahapatra, RadhaKanta and Mangalaraj, George},
  journal={Communications of the ACM},
  volume={48},
  number={5},
  pages={72--78},
  year={2005},
  publisher={ACM}
}